<?xml version="1.0"?>
<collection xmlns="http://www.loc.gov/MARC21/slim">
  <record>
    <leader>01750cam a2200337 a 4500</leader>
    <controlfield tag="001">cihm_29056</controlfield>
    <controlfield tag="003">CaSfIA</controlfield>
    <controlfield tag="005">20160212080817.0</controlfield>
    <controlfield tag="007">cr||||||||||||</controlfield>
    <controlfield tag="008">861008s1805    nsc     b     000 0 eng d</controlfield>
    <datafield tag="020" ind1=" " ind2=" ">
      <subfield code="a">066529056X</subfield>
    </datafield>
    <datafield tag="035" ind1=" " ind2=" ">
      <subfield code="a">ocn317889815</subfield>
    </datafield>
    <datafield tag="040" ind1=" " ind2=" ">
      <subfield code="a">CaOOCIHM</subfield>
      <subfield code="b">eng</subfield>
      <subfield code="c">CaOOCIHM</subfield>
      <subfield code="d">AEU</subfield>
      <subfield code="d">CaSfIA</subfield>
    </datafield>
    <datafield tag="043" ind1=" " ind2=" ">
      <subfield code="a">n-cn-ns</subfield>
    </datafield>
    <datafield tag="082" ind1="0" ind2=" ">
      <subfield code="a">328.71604</subfield>
      <subfield code="2">19</subfield>
    </datafield>
    <datafield tag="090" ind1=" " ind2=" ">
      <subfield code="a">FC 02 0203 no. 29056</subfield>
      <subfield code="b">AEU</subfield>
    </datafield>
    <datafield tag="245" ind1="0" ind2="4">
      <subfield code="a">The Statutes at large passed in the several general assemblies held in His Majesty's province of Nova-Scotia</subfield>
      <subfield code="h">[electronic resource] </subfield>
      <subfield code="b">from the first assembly which met at Halifax the second day of October, in the thirty-second year of His late Majesty Geo. II. A.D. 1758 to the forty-fourth year of His present Majesty Geo. II. A.D. 1804, inclusive; with a complete index and abridgement of the whole, published by order of the governor, council, and House of Assembly /</subfield>
      <subfield code="c">by Richard John Uniacke.</subfield>
    </datafield>
    <datafield tag="260" ind1=" " ind2=" ">
      <subfield code="a">Halifax [N.S.] :</subfield>
      <subfield code="b">Printed by John Howe ...,</subfield>
      <subfield code="c">1805.</subfield>
    </datafield>
    <datafield tag="300" ind1=" " ind2=" ">
      <subfield code="a">7 microfiches (322 fr.).</subfield>
    </datafield>
    <datafield tag="490" ind1="1" ind2=" ">
      <subfield code="a">CIHM/ICMH Microfiche series = CIHM/ICMH collection de microfiches ;</subfield>
      <subfield code="v">no. 29056</subfield>
    </datafield>
    <datafield tag="533" ind1=" " ind2=" ">
      <subfield code="a">Filmed from a copy of the original publication held by the National Library of Canada.</subfield>
      <subfield code="b">Ottawa :</subfield>
      <subfield code="c">Canadian Institute for Historical Microreproductions,</subfield>
      <subfield code="d">1985.</subfield>
    </datafield>
    <datafield tag="534" ind1=" " ind2=" ">
      <subfield code="e">x, [4], 483, 95, 18 p. ; 22 cm. (4 to.).</subfield>
    </datafield>
    <datafield tag="596" ind1=" " ind2=" ">
      <subfield code="a">43</subfield>
    </datafield>
    <datafield tag="650" ind1=" " ind2="0">
      <subfield code="a">Legislation</subfield>
      <subfield code="z">Nova Scotia.</subfield>
    </datafield>
    <datafield tag="650" ind1=" " ind2="6">
      <subfield code="a">L&#xC3;&#xA9;gislation</subfield>
      <subfield code="z">Nouvelle-&#xC3;&#x89;co</subfield>
    </datafield>
    <!-- No separator at end of field length=36 -->
    <datafield tag="651" ind1="s" ind2="e">
  </datafield>
    <!-- Separator but not at end of field length=42 -->
    <datafield tag="651" ind1="n" ind2="t">
  </datafield>
    <!-- Separator but not at end of field length=49 -->
    <datafield tag="700" ind1="m" ind2="e">
      <subfield code="t">.</subfield>
    </datafield>
    <!-- Separator but not at end of field length=39 -->
    <datafield tag="830" ind1="1" ind2="8">
      <subfield code="0">.</subfield>
    </datafield>
    <!-- Separator but not at end of field length=45 -->
    <datafield tag="856" ind1="4" ind2="1">
      <subfield code="u">http://archive.org/details/cihm_29056</subfield>
      <subfield code="z">Free eBook from the Internet Archive</subfield>
    </datafield>
    <!-- Separator but not at end of field length=22 -->
    <datafield tag="016" ind1="M" ind2="M">
      <subfield code="R">E</subfield>
    </datafield>
    <!-- Separator but not at end of field length=15 -->
    <!-- Separator but not at end of field length=58 -->
  </record>
</collection>
